@article{mageeanalyzing,
  title={Analyzing Synchronous Distributed Algorithms},
  author={Magee, Jeff},
  year={2004}
}

@misc{smartCities,
  title = {Department for Business Innovation and Skills},
  howpublished = {\url{https://www.gov.uk/government/uploads/system/uploads/attachment_data/file/246019/bis-13-1209-smart-cities-background-paper-digital.pdf}}
}

@inproceedings{facebookHaystack,
  title={Finding a Needle in Haystack: Facebook's Photo Storage.},
  author={Beaver, Doug and Kumar, Sanjeev and Li, Harry C and Sobel, Jason and Vajgel, Peter and others},
  booktitle={OSDI},
  volume={10},
  pages={1--8},
  year={2010}
}

@misc{javaThreads,
  title = {Java 7 documentation of the ForkJoinPool ExecutorService which implements a form of work stealing.},
  howpublished = {\url{https://docs.oracle.com/javase/7/docs/api/java/util/concurrent/ForkJoinPool.html}}
}

@misc{machineLearningDef,
  title = {Journal of Machine Learning Glossary of Terms},
  howpublished = {\url{http://ai.stanford.edu/~ronnyk/glossary.html}}
}